@book{harchol2013performance,
	title={Performance Modeling and Design of Computer Systems: Queueing Theory in Action},
	author={Harchol-Balter, Mor},
	year={2013},
	publisher={Cambridge University Press}
}

@book{leemis2006discrete,
	title={Discrete-event simulation: A first course},
	author={Leemis, Lawrence M and Park, Stephen Keith},
	year={2006},
	publisher={Pearson Prentice Hall Upper Saddle River}
}

@book{reitz2016,
	Author = {Kenneth Reitz and Tanya Schlusser},
	Title = {The Hitchhiker's Guide to Python: Best Practices for Development},
	Publisher = {O'Reilly Media},
	Year = {2016},
	ISBN = {1491933178},
	URL = {http://amzn.to/2bYCvBD}
}