@book{harchol2013performance,
	title={Performance Modeling and Design of Computer Systems: Queueing Theory in Action},
	author={Harchol-Balter, Mor},
	year={2013},
	publisher={Cambridge University Press}
}

@book{leemis2006discrete,
	title={Discrete-event simulation: A first course},
	author={Leemis, Lawrence M and Park, Stephen Keith},
	year={2006},
	publisher={Pearson Prentice Hall Upper Saddle River}
}